@article{ion,
    author = "K. Holste; P. Dietz; S. Scharmann; K. Keil;  T. Henning and others",
    title = "Ion thrusters for electric propulsion: Scientific issues developing a niche technology into a game changer",
    journal = "Review of Scientific Instruments",
    year = "2020"
}

@article {Detektorsystem,
    author = {O. Jagutzki, V. Mergel},
    title = {A broad-application microchannel-plate detector system for advanced particle or photon detection tasks: large area imaging, precise multi-hit timing information and high detection rate},
    journal = {Nuclear Instruments and Methods in Physics Research Section A: Accelerators, Spectrometers, Detectors and Associated Equipment},
    volume = {477},
    number = {244–249},
    year = {2002}
}

@article{other_method,
  author = {Robert C. Wetzel, et al.},
  journal = {Physical Review A},
  number = {2},
  title = {Absolute cross sections for electron impact ionization of the rare-gas atoms by the fast-beam method},
  volume = {35},
  doi = {10.1103/PhysRevA.35.559},
  year = {1987}
}

@report{diamondoids,
  author = {Patrick Dietz, Kristof Holste., et. al},
  title = {Status report of diamondoids as alternative propellants for ion-thrusters},
  conference = {IEPC-2017-198},
  year = {2017}
}

@article{hydrocarbons,
  author = {André Nyberg Borrfors, Dan J. Harding, et al.},
  journal = {Journal of Electric Propulsion},
  number = {24},
  title = {Aromatic hydrocarbons as Molecular Propellants for Electric Propulsion Thrusters},
  volume = {2},
  year = {2023}
}

@article{DETOF,
  author = {W. C. Wiley, I. H. McLaren},
  journal = {Review of Scientific Instruments},
  number = {12},
  title = {Time-of-Flight Mass Spectrometer with Improved Resolution},
  volume = {26},
  year = {1955}
}

@article {CO2,
    author = {Bundesamt für Wirtschaft und Ausfuhrkontrolle},
    title = {Informationsblatt CO2-Faktoren},
    year = {2024}
}

@techreport{SIMION,
  institution = {Adaptas Solutions, LLC},
  title = {SIMION 2024 Supplemental Documentation},
  chapters = {Laplace Equation, Neumann Boundary Condition},
  link = {https://simion.com/info/index.html},
  year = {2004}
}

@book{EII,
  author = {S. M. Younger, P. J. O. Teubner},
  editor = {T. D. Märk, G. H. Dunn},
  publisher = {Springer-Verlag Wien},
  title = {Electron Impact Ionisation},
  year = {1985}
}

@article {Prop,
  title = {ALTERNATIVE PROPELLANTS FOR GRIDDED ION ENGINES},
  author = {Nazareno Fazio, Steve B. Gabriel, Igor O. Golosnoy},
  institution = {University of Southampton},
  year = {2018},
  pages = {1-2}
}

@article{Iodine,
  author = {Rafalskyi D., Martínez J.M., L. et al.},
  journal = {Nature},
  number = {599},
  title = {In-orbit demonstration of an iodine electric propulsion system},
  volume = {411–415},
  doi = {10.1038/s41586-021-04015-y},
  year = {2021}
}

@article{EITOFMS,
  author = {Nasrin Mirsaleh-Kohan, Wesley D. Robertson, Robert N. Compton},
  journal = {Mass Spectrom.},
  volume = {27},
  number = {237-285},
  title = {Electron ionization time-of-flight mass spectrometry: Historical review and current applications},
  doi = {10.1002/mas.20162},
  year = {2008}
}

@article {Lotz_2,
    author = {Wolfgang Lotz},
    title = {Electron-impact ionization cross-sections for atoms up to Z},
    journal = {Zeitschrift für Physik A Hadrons and Nuclei},
    volume = {232},
    number = {2},
    year = {1970}
}

@article {dissociative,
    author = {Maarten F. Heringa, and others},
    title = {Dissociative Ionization Mechanism and Appearance Energies in Adipic Acid Revealed by Imaging Photoelectron Photoion Coincidence, Selective Deuteration, and Calculations},
    journal = {The Journal of Physical Chemistry A},
    volume = {120},
    number = {20},
    year = {2016}
}

@article {Holzte,
    author = {K., Holzte},
    title = {},
    year = {2024}
}

@phdthesis{Ebinger,
  author = {Ebinger, Benjamin Janosch},
  school = {JLU},
  title = {Messung von Wirkungsquerschnitten der Elektronenstoßionisation von Xenonionen mit einer neuen Hochleistungselektronenkanone},
  year = {2020},
  pages = {16-28}
}

@article{Lotz,
  author = {Wolfgang Lotz},
  title = {An empirical formula for the electron-impact ionization crosssection.},
  journal = {Zeitschrift für Physik},
  volume = {206},
  number = {2},
  year = {1967},
  doi = {10.1007/BF01325928},
  pages = {207-210}
}

@article{Straub,
  author = {Straub, H. C., et al.},
  title = {Absolute partial and total cross sections for electron-impact ionization of argon
from threshold to 1000 eV},
  journal = {Physical Review A},
  volume = {52},
  number = {2},
  year = {1995}
}

@article{Straub2,
  author = {Straub, H. C., et al.},
  title = {Absolute partial cross sections for electron-impact ionization of H2, N2, and O2 from threshold to 1000 eV},
  journal = {Physical Review A},
  volume = {54},
  number = {2146},
  doi = {10.1103/PhysRevA.54.2146},
  year = {1996}
}

@patent{MCP,
  author       = {Sadeg M. Faris, Kanti Jain},
  title        = {Microchannel plate technology},
  number       = {US5565729A},
  year         = {1996},
  date         = {1996-10-15}
}